<?xml version="1.0" encoding="UTF-8"?><collection xmlns="http://www.loc.gov/MARC21/slim"><record><leader>00576nam--2200169-u-4500</leader><controlfield tag="001">000056911</controlfield><controlfield tag="002">20200911</controlfield><controlfield tag="005">20200911054456</controlfield><controlfield tag="008">200911s1000------------r-----000-0-eng-d</controlfield><datafield ind1=" " ind2=" " tag="040"><subfield code="a">IFIN-HH</subfield></datafield><datafield ind1="1" ind2=" " tag="100"><subfield code="a">Dumitras, Dan</subfield></datafield><datafield ind1="1" ind2="0" tag="245"><subfield code="a">Light at Extreme Intensities: Opportunities and Technological Issues of the Extreme Light Infrastructure. LEI 2009-Proceedings of the Conference. vol. 1228</subfield><subfield code="c">Dan Dumitras (Ed.)</subfield></datafield><datafield ind1=" " ind2=" " tag="260"><subfield code="a">New York</subfield><subfield code="b">AIP</subfield><subfield code="c">2010</subfield></datafield><datafield ind1=" " ind2=" " tag="300"><subfield code="a">XXVII+467 p</subfield></datafield><datafield ind1=" " ind2=" " tag="500"><subfield code="a">Donatie Acad. Nicolae Victor Zamfir</subfield></datafield><datafield ind1=" " ind2=" " tag="852"><subfield code="a">82846</subfield><subfield code="c">NVZ</subfield></datafield><datafield ind1=" " ind2=" " tag="CAT"><subfield code="a">SYS</subfield><subfield code="c">20200911</subfield><subfield code="h">054456</subfield></datafield></record></collection>